<?xml version="1.0" encoding="UTF-8"?><collection xmlns="http://www.loc.gov/MARC21/slim"><record><leader>00371nam--2200133-i-4500</leader><controlfield tag="001">000029487</controlfield><controlfield tag="002">20161230</controlfield><controlfield tag="005">20161230201037</controlfield><controlfield tag="008">060222s1000------------r-----000-0-eng-d</controlfield><datafield ind1=" " ind2=" " tag="080"><subfield code="a">620.19:537.533.35:538.9</subfield></datafield><datafield ind1=" " ind2=" " tag="100"><subfield code="a">Loretto, M.H.And Smallman, R.E</subfield></datafield><datafield ind1=" " ind2=" " tag="245"><subfield code="a">Defect analysis in electron microscopy</subfield></datafield><datafield ind1=" " ind2=" " tag="260"><subfield code="a">London, Chapman And Hall, 1975, Ix + 134p</subfield></datafield><datafield ind1=" " ind2=" " tag="852"><subfield code="a">45624</subfield></datafield></record></collection>